<?xml version="1.0" encoding="UTF-8"?><collection xmlns="http://www.loc.gov/MARC21/slim"><record><leader>00345nam--2200121-i-4500</leader><controlfield tag="001">000038562</controlfield><controlfield tag="002">20161230</controlfield><controlfield tag="005">20161230201041</controlfield><controlfield tag="008">060222s1000------------r-----000-0-eng-d</controlfield><datafield ind1=" " ind2=" " tag="080"><subfield code="a">5(01)</subfield></datafield><datafield ind1=" " ind2=" " tag="245"><subfield code="a">Repertoriiul periodicelor straine din rpr. abonamente. seria a, b, c, 1964</subfield></datafield><datafield ind1=" " ind2=" " tag="260"><subfield code="a">Bucuresti, Bibl.Centr.De Stat, 1964, 371(B)P</subfield></datafield><datafield ind1=" " ind2=" " tag="852"><subfield code="a">20261</subfield></datafield></record></collection>